[gd_scene load_steps=20 format=2]

[ext_resource path="res://components/player_camera/PlayerCamera.tscn" type="PackedScene" id=1]
[ext_resource path="res://entities/lumen/Lumen.gd" type="Script" id=2]
[ext_resource path="res://assets/models/lumen/Lumen.tscn" type="PackedScene" id=3]
[ext_resource path="res://assets/models/lumen/PropulsorC.glb" type="PackedScene" id=4]
[ext_resource path="res://assets/models/lumen/TopWeaponC.glb" type="PackedScene" id=5]
[ext_resource path="res://assets/models/lumen/SideWeaponFrontA.glb" type="PackedScene" id=6]
[ext_resource path="res://assets/models/lumen/SideWeaponMid.glb" type="PackedScene" id=7]
[ext_resource path="res://assets/models/lumen/SideWeaponFrontB.glb" type="PackedScene" id=8]
[ext_resource path="res://assets/models/lumen/TopWeaponA.glb" type="PackedScene" id=9]
[ext_resource path="res://assets/models/lumen/TopWeaponB.glb" type="PackedScene" id=10]
[ext_resource path="res://assets/models/lumen/PropulsorA.glb" type="PackedScene" id=11]
[ext_resource path="res://assets/models/lumen/PropulsorB.glb" type="PackedScene" id=12]
[ext_resource path="res://assets/models/lumen/SideWeaponBackB.glb" type="PackedScene" id=13]
[ext_resource path="res://assets/models/lumen/SideWeaponBackA.glb" type="PackedScene" id=14]
[ext_resource path="res://entities/lumen/EnemyLocator.tscn" type="PackedScene" id=15]
[ext_resource path="res://entities/lumen/HangarLocator.tscn" type="PackedScene" id=16]

[sub_resource type="CapsuleShape" id=2]
radius = 0.5
height = 0.75

[sub_resource type="CapsuleMesh" id=4]
radius = 0.05
mid_height = 2.754

[sub_resource type="SphereMesh" id=5]
radius = 0.1
height = 0.2

[node name="Lumen" type="KinematicBody"]
script = ExtResource( 2 )
hangar_locator_scene = ExtResource( 16 )
enemy_locator_scene = ExtResource( 15 )
player_camera = NodePath("PlayerCamera")
visual = NodePath("Visual")
enemy_locators = NodePath("EnemyLocators")
enemy_locator_timer = NodePath("LocateEnemies")
hangar_locators = NodePath("HangarLocator")
visual_paths = [ NodePath("Visual/TopWeapon"), NodePath("Visual/SideWeaponFront"), NodePath("Visual/SideWeaponMid"), NodePath("Visual/SideWeaponBack"), NodePath("Visual/Propulsor") ]

[node name="PlayerCamera" parent="." instance=ExtResource( 1 )]
cam_height = 0.432
cam_orbit_radius = 1.928
cam_view_angle = -12.96

[node name="CollisionShape" type="CollisionShape" parent="."]
shape = SubResource( 2 )

[node name="Visual" type="Spatial" parent="."]

[node name="lumen" parent="Visual" instance=ExtResource( 3 )]
transform = Transform( -4.37114e-09, 0, 0.1, 0, 0.1, 0, -0.1, 0, -4.37114e-09, 0, 0, 0 )

[node name="TopWeapon" type="Spatial" parent="Visual"]
transform = Transform( 0.1, 0, 0, 0, 0.1, 0, 0, 0, 0.1, 0, 0, 0 )

[node name="TopWeaponC" parent="Visual/TopWeapon" instance=ExtResource( 5 )]
transform = Transform( -4.37114e-08, 0, 1, 0, 1, 0, -1, 0, -4.37114e-08, 0, 0, 0 )
visible = false

[node name="TopWeaponB" parent="Visual/TopWeapon" instance=ExtResource( 10 )]
transform = Transform( -4.37114e-08, 0, 1, 0, 1, 0, -1, 0, -4.37114e-08, 0, 0, 0 )
visible = false

[node name="TopWeaponA" parent="Visual/TopWeapon" instance=ExtResource( 9 )]
transform = Transform( -4.37114e-08, 0, 1, 0, 1, 0, -1, 0, -4.37114e-08, 0, 0, 0 )
visible = false

[node name="SideWeaponFront" type="Spatial" parent="Visual"]
transform = Transform( 0.1, 0, 0, 0, 0.1, 0, 0, 0, 0.1, 0, 0, 0 )

[node name="Empty" type="Spatial" parent="Visual/SideWeaponFront"]
visible = false

[node name="SideWeaponFrontB" parent="Visual/SideWeaponFront" instance=ExtResource( 8 )]
transform = Transform( -4.37114e-08, 0, 1, 0, 1, 0, -1, 0, -4.37114e-08, 0, 0, 0 )
visible = false

[node name="SideWeaponFrontA" parent="Visual/SideWeaponFront" instance=ExtResource( 6 )]
transform = Transform( -4.37114e-08, 0, 1, 0, 1, 0, -1, 0, -4.37114e-08, 0, 0, 0 )
visible = false

[node name="SideWeaponMid" type="Spatial" parent="Visual"]
transform = Transform( 0.1, 0, 0, 0, 0.1, 0, 0, 0, 0.1, 0, 0, 0 )

[node name="Empty" type="Spatial" parent="Visual/SideWeaponMid"]
visible = false

[node name="SideWeaponMid" parent="Visual/SideWeaponMid" instance=ExtResource( 7 )]
transform = Transform( -4.37114e-08, 0, 1, 0, 1, 0, -1, 0, -4.37114e-08, 0, 0, 0 )
visible = false

[node name="SideWeaponBack" type="Spatial" parent="Visual"]
transform = Transform( 0.1, 0, 0, 0, 0.1, 0, 0, 0, 0.1, 0, 0, 0 )

[node name="Empty" type="Spatial" parent="Visual/SideWeaponBack"]
visible = false

[node name="SideWeaponBackB" parent="Visual/SideWeaponBack" instance=ExtResource( 13 )]
transform = Transform( -4.37114e-08, 0, 1, 0, 1, 0, -1, 0, -4.37114e-08, 0, 0, 0 )
visible = false

[node name="SideWeaponBackA" parent="Visual/SideWeaponBack" instance=ExtResource( 14 )]
transform = Transform( -4.37114e-08, 0, 1, 0, 1, 0, -1, 0, -4.37114e-08, 0, 0, 0 )
visible = false

[node name="Propulsor" type="Spatial" parent="Visual"]
transform = Transform( 0.1, 0, 0, 0, 0.1, 0, 0, 0, 0.1, 0, 0, 0.01 )

[node name="PropulsorC" parent="Visual/Propulsor" instance=ExtResource( 4 )]
transform = Transform( -4.37114e-08, 0, 1, 0, 1, 0, -1, 0, -4.37114e-08, 0, 0, 0 )
visible = false

[node name="PropulsorB" parent="Visual/Propulsor" instance=ExtResource( 12 )]
transform = Transform( -4.37114e-08, 0, 1, 0, 1, 0, -1, 0, -4.37114e-08, 0, 0, 0 )
visible = false

[node name="PropulsorA" parent="Visual/Propulsor" instance=ExtResource( 11 )]
transform = Transform( -4.37114e-08, 0, 1, 0, 1, 0, -1, 0, -4.37114e-08, 0, 0, -0.097 )
visible = false

[node name="DebugVector" type="Spatial" parent="."]
visible = false

[node name="DebugRod" type="MeshInstance" parent="DebugVector"]
mesh = SubResource( 4 )
skeleton = NodePath("../..")
material/0 = null

[node name="MeshInstance" type="MeshInstance" parent="DebugVector"]
transform = Transform( 1, 0, 0, 0, 1, 0, 0, 0, 1, 0, 0, -1.43487 )
mesh = SubResource( 5 )
material/0 = null

[node name="EnemyLocators" type="Spatial" parent="."]

[node name="HangarLocator" type="Spatial" parent="."]

[node name="LocateEnemies" type="Timer" parent="."]
autostart = true
