[gd_scene load_steps=22 format=2]

[ext_resource path="res://entities/player/Player.tscn" type="PackedScene" id=1]
[ext_resource path="res://assets/models/levels/quattuor/BlueCastle.tscn" type="PackedScene" id=2]
[ext_resource path="res://assets/models/levels/quattuor/Island1.tscn" type="PackedScene" id=3]
[ext_resource path="res://assets/models/levels/quattuor/Hangar.tscn" type="PackedScene" id=4]
[ext_resource path="res://assets/models/levels/quattuor/Ambient.tscn" type="PackedScene" id=5]
[ext_resource path="res://assets/models/levels/quattuor/Ground.tscn" type="PackedScene" id=6]
[ext_resource path="res://assets/models/levels/quattuor/Island2.tscn" type="PackedScene" id=7]
[ext_resource path="res://assets/models/levels/quattuor/RedCastle.tscn" type="PackedScene" id=8]
[ext_resource path="res://assets/models/levels/quattuor/PlayerScale.glb" type="PackedScene" id=9]
[ext_resource path="res://levels/PlanetLevel.gd" type="Script" id=10]
[ext_resource path="res://entities/npc/skypelt/Skypelt.tscn" type="PackedScene" id=11]
[ext_resource path="res://entities/npc/veza/Veza.tscn" type="PackedScene" id=12]
[ext_resource path="res://entities/npc/koknif/Koknif.tscn" type="PackedScene" id=13]
[ext_resource path="res://entities/hangar/SpaceHangar.tscn" type="PackedScene" id=14]
[ext_resource path="res://assets/music/quattuor.mp3" type="AudioStream" id=15]
[ext_resource path="res://assets/sfx/ambient/wind.wav" type="AudioStream" id=16]

[sub_resource type="SpatialMaterial" id=1]
flags_transparent = true
albedo_color = Color( 1, 1, 1, 0 )

[sub_resource type="BoxShape" id=2]
extents = Vector3( 19.9132, 9.20158, 31.0521 )

[sub_resource type="BoxShape" id=3]
extents = Vector3( 23.0658, 19.7455, 20.0775 )

[sub_resource type="ProceduralSky" id=4]
sky_top_color = Color( 0.984314, 0.984314, 0.984314, 1 )
sky_horizon_color = Color( 0.513726, 0.513726, 0.513726, 1 )
sky_curve = 0.192919
sun_color = Color( 0.72549, 0.980392, 1, 1 )

[sub_resource type="Environment" id=5]
background_mode = 2
background_sky = SubResource( 4 )

[node name="QuattuorLand" type="Spatial"]
pause_mode = 2
script = ExtResource( 10 )
planet_index = 4

[node name="Scenario" type="Spatial" parent="."]
transform = Transform( 2, 0, 0, 0, 2, 0, 0, 0, 2, 0, 0, 0 )

[node name="Ambient" parent="Scenario" instance=ExtResource( 5 )]

[node name="Ground" parent="Scenario" instance=ExtResource( 6 )]

[node name="Hangar" parent="Scenario" instance=ExtResource( 4 )]
transform = Transform( 1, 0, 0, 0, 1, 0, 0, 0, 1, 0, -1.12042, 0 )

[node name="Island1" parent="Scenario" instance=ExtResource( 3 )]

[node name="Island2" parent="Scenario" instance=ExtResource( 7 )]

[node name="PlayerScale" parent="Scenario" instance=ExtResource( 9 )]
visible = false

[node name="BlueCastle" parent="Scenario" instance=ExtResource( 2 )]

[node name="Bounds" type="CSGCombiner" parent="Scenario"]
transform = Transform( 1, 0, 0, 0, 1, 0, 0, 0, 1, -0.595389, 8.33866, 0.837255 )
material_override = SubResource( 1 )
use_collision = true

[node name="CSGCylinder" type="CSGCylinder" parent="Scenario/Bounds"]
radius = 73.5714
height = 49.5265
sides = 20

[node name="CSGCylinder2" type="CSGCylinder" parent="Scenario/Bounds"]
transform = Transform( 1, 0, 0, 0, 1, 0, 0, 0, 1, 0.337227, 0, -0.828961 )
operation = 2
radius = 49.8908
height = 100.861
sides = 20

[node name="RedCastle" parent="Scenario" instance=ExtResource( 8 )]

[node name="Player" parent="." instance=ExtResource( 1 )]
transform = Transform( 1, 0, 0, 0, 1, 0, 0, 0, 1, 58.3881, 0.647962, -2.6585 )

[node name="Skypelt" parent="." instance=ExtResource( 11 )]
transform = Transform( -1, 0, -8.74228e-08, 0, 1, 0, 8.74228e-08, 0, -1, -46.3465, 0.0471755, -72.8939 )

[node name="Koknif" parent="." instance=ExtResource( 13 )]
transform = Transform( 1, 0, 0, 0, 1, 0, 0, 0, 1, -49.1924, -0.00786003, 65.3642 )

[node name="Veza" parent="." instance=ExtResource( 12 )]
transform = Transform( -0.965926, 0, 0.258819, 0, 1, 0, -0.258819, 0, -0.965926, -42.9864, -1.90735e-06, -32.351 )

[node name="SpaceHangar" parent="." instance=ExtResource( 14 )]
transform = Transform( 1, 0, -1.19209e-07, 0, 1, 0, 1.19209e-07, 0, 1, 76.1732, 0, -1.0913 )

[node name="HangarExternal" parent="SpaceHangar/Spatial" index="0"]
transform = Transform( 2.82763, 0, 0, 0, 2.82763, 0, 0, 0, 2.82763, -8.3604, 9.62678, 0 )
visible = false

[node name="CollisionShape" parent="SpaceHangar/StaticBody" index="0"]
transform = Transform( 1, 0, 0, 0, 1, 0, 0, 0, 1, 6.23492, 0, 0.567326 )
shape = SubResource( 2 )

[node name="CollisionShape" parent="SpaceHangar/Area" index="0"]
shape = SubResource( 3 )

[node name="Audio" type="Spatial" parent="."]

[node name="Music" type="AudioStreamPlayer" parent="Audio"]
stream = ExtResource( 15 )
volume_db = -28.0
autoplay = true

[node name="Environment" type="AudioStreamPlayer" parent="Audio"]
stream = ExtResource( 16 )
autoplay = true

[node name="DirectionalLight" type="DirectionalLight" parent="."]
transform = Transform( 1, 0, 0, 0, -0.602442, 0.798163, 0, -0.798163, -0.602442, 0, 71.7993, 9.2392 )
light_energy = 0.5
shadow_enabled = true
__meta__ = {
"_editor_description_": ""
}

[node name="WorldEnvironment" type="WorldEnvironment" parent="."]
environment = SubResource( 5 )

[editable path="SpaceHangar"]
