[gd_scene load_steps=22 format=2]

[ext_resource path="res://entities/fighter/Fighter.tscn" type="PackedScene" id=1]
[ext_resource path="res://assets/models/lumen/TopWeaponC.glb" type="PackedScene" id=2]
[ext_resource path="res://assets/models/lumen/PropulsorB.glb" type="PackedScene" id=3]
[ext_resource path="res://assets/models/lumen/Lumen.tscn" type="PackedScene" id=4]
[ext_resource path="res://assets/models/lumen/PropulsorC.glb" type="PackedScene" id=5]
[ext_resource path="res://assets/models/lumen/SideWeaponFrontA.glb" type="PackedScene" id=6]
[ext_resource path="res://assets/models/lumen/SideWeaponMid.glb" type="PackedScene" id=7]
[ext_resource path="res://assets/models/lumen/SideWeaponFrontB.glb" type="PackedScene" id=8]
[ext_resource path="res://assets/models/lumen/TopWeaponA.glb" type="PackedScene" id=9]
[ext_resource path="res://assets/models/lumen/TopWeaponB.glb" type="PackedScene" id=10]
[ext_resource path="res://assets/models/lumen/PropulsorA.glb" type="PackedScene" id=11]
[ext_resource path="res://assets/models/lumen/SideWeaponBackB.glb" type="PackedScene" id=12]
[ext_resource path="res://assets/models/lumen/SideWeaponBackA.glb" type="PackedScene" id=13]
[ext_resource path="res://entities/fighter/fighters/ally/LumenFighterVisual.gd" type="Script" id=14]
[ext_resource path="res://entities/fighter/PlayerFighter.gd" type="Script" id=15]

[sub_resource type="Animation" id=6]
length = 0.001
tracks/0/type = "value"
tracks/0/path = NodePath("Visual:translation")
tracks/0/interp = 1
tracks/0/loop_wrap = true
tracks/0/imported = false
tracks/0/enabled = true
tracks/0/keys = {
"times": PoolRealArray( 0 ),
"transitions": PoolRealArray( 1 ),
"update": 0,
"values": [ Vector3( 0, 0, 0 ) ]
}

[sub_resource type="Animation" id=2]
resource_name = "attack"
tracks/0/type = "value"
tracks/0/path = NodePath("Visual:translation")
tracks/0/interp = 1
tracks/0/loop_wrap = true
tracks/0/imported = false
tracks/0/enabled = true
tracks/0/keys = {
"times": PoolRealArray( 0 ),
"transitions": PoolRealArray( 1 ),
"update": 0,
"values": [ Vector3( 0, 0, 0 ) ]
}

[sub_resource type="Animation" id=3]
resource_name = "die"

[sub_resource type="Animation" id=4]
resource_name = "hurt"

[sub_resource type="Animation" id=5]
resource_name = "idle"

[sub_resource type="CapsuleShape" id=1]
radius = 2.26158
height = 6.94086

[node name="Lumen" instance=ExtResource( 1 )]
script = ExtResource( 15 )
animation_player = NodePath("Visual/AnimationPlayer2")

[node name="MeshInstance" parent="Visual" index="0"]
visible = false

[node name="MeshInstance2" parent="Visual" index="1"]
visible = false

[node name="Visual" type="Spatial" parent="Visual" index="3"]
transform = Transform( -4.37114e-08, 0, 1, 0, 1, 0, -1, 0, -4.37114e-08, 0, 0, 0 )
script = ExtResource( 14 )
visual_paths = [ NodePath("TopWeapon"), NodePath("SideWeaponFront"), NodePath("SideWeaponMid"), NodePath("SideWeaponBack"), NodePath("Propulsor") ]

[node name="lumen" parent="Visual/Visual" index="0" instance=ExtResource( 4 )]
transform = Transform( -4.37114e-08, 0, 1, 0, 1, 0, -1, 0, -4.37114e-08, 0, 0, 0 )

[node name="TopWeapon" type="Spatial" parent="Visual/Visual" index="1"]

[node name="TopWeaponC" parent="Visual/Visual/TopWeapon" index="0" instance=ExtResource( 2 )]
transform = Transform( -4.37114e-08, 0, 1, 0, 1, 0, -1, 0, -4.37114e-08, 0, 0, 0 )
visible = false

[node name="TopWeaponB" parent="Visual/Visual/TopWeapon" index="1" instance=ExtResource( 10 )]
transform = Transform( -4.37114e-08, 0, 1, 0, 1, 0, -1, 0, -4.37114e-08, 0, 0, 0 )
visible = false

[node name="TopWeaponA" parent="Visual/Visual/TopWeapon" index="2" instance=ExtResource( 9 )]
transform = Transform( -4.37114e-08, 0, 1, 0, 1, 0, -1, 0, -4.37114e-08, 0, 0, 0 )
visible = false

[node name="SideWeaponFront" type="Spatial" parent="Visual/Visual" index="2"]

[node name="Empty" type="Spatial" parent="Visual/Visual/SideWeaponFront" index="0"]
visible = false

[node name="SideWeaponFrontB" parent="Visual/Visual/SideWeaponFront" index="1" instance=ExtResource( 8 )]
transform = Transform( -4.37114e-08, 0, 1, 0, 1, 0, -1, 0, -4.37114e-08, 0, 0, 0 )
visible = false

[node name="SideWeaponFrontA" parent="Visual/Visual/SideWeaponFront" index="2" instance=ExtResource( 6 )]
transform = Transform( -4.37114e-08, 0, 1, 0, 1, 0, -1, 0, -4.37114e-08, 0, 0, 0 )
visible = false

[node name="SideWeaponMid" type="Spatial" parent="Visual/Visual" index="3"]

[node name="Empty" type="Spatial" parent="Visual/Visual/SideWeaponMid" index="0"]
visible = false

[node name="SideWeaponMid" parent="Visual/Visual/SideWeaponMid" index="1" instance=ExtResource( 7 )]
transform = Transform( -4.37114e-08, 0, 1, 0, 1, 0, -1, 0, -4.37114e-08, 0, 0, 0 )
visible = false

[node name="SideWeaponBack" type="Spatial" parent="Visual/Visual" index="4"]

[node name="Empty" type="Spatial" parent="Visual/Visual/SideWeaponBack" index="0"]
visible = false

[node name="SideWeaponBackB" parent="Visual/Visual/SideWeaponBack" index="1" instance=ExtResource( 12 )]
transform = Transform( -4.37114e-08, 0, 1, 0, 1, 0, -1, 0, -4.37114e-08, 0, 0, 0 )
visible = false

[node name="SideWeaponBackA" parent="Visual/Visual/SideWeaponBack" index="2" instance=ExtResource( 13 )]
transform = Transform( -4.37114e-08, 0, 1, 0, 1, 0, -1, 0, -4.37114e-08, 0, 0, 0 )
visible = false

[node name="Propulsor" type="Spatial" parent="Visual/Visual" index="5"]
transform = Transform( 1, 0, 0, 0, 1, 0, 0, 0, 1, 0, 0, 0.01 )

[node name="PropulsorC" parent="Visual/Visual/Propulsor" index="0" instance=ExtResource( 5 )]
transform = Transform( -4.37114e-08, 0, 1, 0, 1, 0, -1, 0, -4.37114e-08, 0, 0, 0 )
visible = false

[node name="PropulsorB" parent="Visual/Visual/Propulsor" index="1" instance=ExtResource( 3 )]
transform = Transform( -4.37114e-08, 0, 1, 0, 1, 0, -1, 0, -4.37114e-08, 0, 0, 0 )
visible = false

[node name="PropulsorA" parent="Visual/Visual/Propulsor" index="2" instance=ExtResource( 11 )]
transform = Transform( -4.37114e-08, 0, 1, 0, 1, 0, -1, 0, -4.37114e-08, 0, 0, -0.097 )
visible = false

[node name="AnimationPlayer2" type="AnimationPlayer" parent="Visual" index="4"]
anims/RESET = SubResource( 6 )
anims/attack = SubResource( 2 )
anims/die = SubResource( 3 )
anims/hurt = SubResource( 4 )
anims/idle = SubResource( 5 )

[node name="CollisionShape" parent="Area" index="0"]
transform = Transform( -4.37114e-08, 0, 1, 0, 1, 0, -1, 0, -4.37114e-08, 0, -0.874115, 0 )
shape = SubResource( 1 )

[node name="ActiveIndicator" parent="." index="2"]
transform = Transform( 1, 0, 0, 0, 1, 0, 0, 0, 1, 0, 2.47718, 0 )

[node name="TargetIndicator" parent="." index="3"]
transform = Transform( 1, 0, 0, 0, 1, 0, 0, 0, 1, 0, 2.47718, 0 )

[node name="Spatial" parent="." index="4"]
transform = Transform( 1, 0, 0, 0, 1, 0, 0, 0, 1, 0, 4.00282, 0 )
