[gd_scene load_steps=5 format=2]

[ext_resource path="res://battle/Battle.tscn" type="PackedScene" id=1]
[ext_resource path="res://entities/fighter/Fighter.tscn" type="PackedScene" id=2]
[ext_resource path="res://entities/fighter/PlayerFighter.tscn" type="PackedScene" id=3]

[sub_resource type="PlaneMesh" id=1]
size = Vector2( 500, 500 )

[node name="Battle" instance=ExtResource( 1 )]

[node name="PlayerFighter" parent="TurnQueue/AllyPosition1" index="0" instance=ExtResource( 3 )]
speed = 20

[node name="PlayerFighter" parent="TurnQueue/AllyPosition2" index="0" instance=ExtResource( 3 )]
speed = 18

[node name="PlayerFighter" parent="TurnQueue/AllyPosition3" index="0" instance=ExtResource( 3 )]
speed = 16

[node name="PlayerFighter" parent="TurnQueue/AllyPosition4" index="0" instance=ExtResource( 3 )]
speed = 14

[node name="Fighter" parent="TurnQueue/EnemyPosition1" index="0" instance=ExtResource( 2 )]
transform = Transform( 1, 0, 0, 0, 1, 0, 0, 0, 1, 0, 0, 0 )
speed = 19
ally = false

[node name="Fighter" parent="TurnQueue/EnemyPosition2" index="0" instance=ExtResource( 2 )]
transform = Transform( 1, 0, 0, 0, 1, 0, 0, 0, 1, 0, 0, 0 )
speed = 17
ally = false

[node name="Fighter" parent="TurnQueue/EnemyPosition3" index="0" instance=ExtResource( 2 )]
transform = Transform( 1, 0, 0, 0, 1, 0, 0, 0, 1, 0, 0, 0 )
speed = 15
ally = false

[node name="Fighter" parent="TurnQueue/EnemyPosition4" index="0" instance=ExtResource( 2 )]
transform = Transform( 1, 0, 0, 0, 1, 0, 0, 0, 1, 0, 0, 0 )
speed = 13
ally = false

[node name="MeshInstance" type="MeshInstance" parent="Scenario" index="0"]
mesh = SubResource( 1 )
material/0 = null
